<?xml version="1.0" encoding="UTF-8"?><collection xmlns="http://www.loc.gov/MARC21/slim"><record><leader>00327nam--2200121-i-4500</leader><controlfield tag="001">000045861</controlfield><controlfield tag="002">20161230</controlfield><controlfield tag="005">20161230201045</controlfield><controlfield tag="008">060222s1000------------r-----000-0-eng-d</controlfield><datafield ind1=" " ind2=" " tag="100"><subfield code="a">Valdgard, S.L</subfield></datafield><datafield ind1=" " ind2=" " tag="245"><subfield code="a">Electricitatea in tehnica moderna. trad.din l.rusa</subfield></datafield><datafield ind1=" " ind2=" " tag="260"><subfield code="a">Bucuresti, Ed.Energetica De Stat, 1954, 92p</subfield></datafield><datafield ind1=" " ind2=" " tag="852"><subfield code="a">3102</subfield></datafield></record></collection>